<?xml version="1.0" encoding="UTF-8"?><collection xmlns="http://www.loc.gov/MARC21/slim"><record><leader>00544nam--2200181-i-4500</leader><controlfield tag="001">000047046</controlfield><controlfield tag="002">20161230</controlfield><controlfield tag="005">20161230201046</controlfield><controlfield tag="008">060222s1000------------r-----000-0-ger-d</controlfield><datafield ind1=" " ind2=" " tag="040"><subfield code="a">IFIN-HH</subfield></datafield><datafield ind1=" " ind2=" " tag="041"><subfield code="a">ger</subfield></datafield><datafield ind1=" " ind2=" " tag="080"><subfield code="a">539.14(043)</subfield></datafield><datafield ind1="1" ind2=" " tag="100"><subfield code="a">Voss,Manfred</subfield></datafield><datafield ind1="1" ind2="0" tag="245"><subfield code="a">Theoretische und experimentelle fein-und hyperfeinstrukturuntersuchungen an antimon, arsen un wismut</subfield><subfield code="b">Dissertation</subfield><subfield code="c">Manfred voss</subfield></datafield><datafield ind1=" " ind2=" " tag="260"><subfield code="a">Berlin</subfield><subfield code="b">Technischen Universitat</subfield><subfield code="c">1981</subfield></datafield><datafield ind1=" " ind2=" " tag="300"><subfield code="a">VI + 231 P</subfield></datafield><datafield ind1=" " ind2=" " tag="852"><subfield code="a">49931</subfield><subfield code="c">539.14</subfield></datafield><datafield ind1=" " ind2=" " tag="CAT"><subfield code="a">Sys</subfield><subfield code="c">20120404</subfield><subfield code="h">123607</subfield></datafield></record></collection>